@Article{landau2016kinect,
  author={Landau, Michael J. and Choo, Benjamin Y. and Beling, Peter A.},
  journal={IEEE Transactions on Cybernetics}, 
  title={Simulating Kinect Infrared and Depth Images}, 
  year={2016},
  volume={46},
  number={12},
  pages={3018-3031},
  doi={10.1109/TCYB.2015.2494877}
}

@article{Zhou2018,
   author  = {Qian-Yi Zhou and Jaesik Park and Vladlen Koltun},
   title   = {{Open3D}: {A} Modern Library for {3D} Data Processing},
   journal = {arXiv:1801.09847},
   year    = {2018},
}
 